<?xml version="1.0" encoding="UTF-8"?><collection xmlns="http://www.loc.gov/MARC21/slim"><record><leader>00542nam--2200193-i-4500</leader><controlfield tag="001">000011599</controlfield><controlfield tag="002">20161230</controlfield><controlfield tag="005">20161230201029</controlfield><controlfield tag="008">060222s1000------------r-----000-0-ger-d</controlfield><datafield ind1=" " ind2=" " tag="040"><subfield code="a">IFIN-HH</subfield></datafield><datafield ind1=" " ind2=" " tag="041"><subfield code="a">ger</subfield></datafield><datafield ind1=" " ind2=" " tag="080"><subfield code="a">532.783(083)</subfield></datafield><datafield ind1="1" ind2=" " tag="100"><subfield code="a">Demus, Dietreich</subfield></datafield><datafield ind1="1" ind2="0" tag="245"><subfield code="a">Flussige kristalle in tabellen</subfield><subfield code="c">Dietrich demus, heinrich demus, horst zaschke</subfield></datafield><datafield ind1=" " ind2=" " tag="260"><subfield code="a">Leipzig, Veb Deutscher Verlag Fur Grundstoffindustrie, 1974</subfield></datafield><datafield ind1=" " ind2=" " tag="300"><subfield code="a">355P</subfield></datafield><datafield ind1="1" ind2=" " tag="700"><subfield code="a">Zaschke, Horst</subfield></datafield><datafield ind1=" " ind2=" " tag="852"><subfield code="a">42829</subfield><subfield code="c">532</subfield></datafield><datafield ind1=" " ind2=" " tag="CAT"><subfield code="a">Sys</subfield><subfield code="c">20100721</subfield><subfield code="h">092239</subfield></datafield></record></collection>